%YAML 1.1
%TAG !u! tag:unity3d.com,2011:
--- !u!29 &1
SceneSettings:
  m_ObjectHideFlags: 0
  m_PVSData: 
  m_PVSObjectsArray: []
  m_PVSPortalsArray: []
  m_OcclusionBakeSettings:
    smallestOccluder: 5
    smallestHole: .25
    backfaceThreshold: 100
--- !u!104 &2
RenderSettings:
  m_Fog: 0
  m_FogColor: {r: .5, g: .5, b: .5, a: 1}
  m_FogMode: 3
  m_FogDensity: .00999999978
  m_LinearFogStart: 0
  m_LinearFogEnd: 300
  m_AmbientLight: {r: .200000003, g: .200000003, b: .200000003, a: 1}
  m_SkyboxMaterial: {fileID: 0}
  m_HaloStrength: .5
  m_FlareStrength: 1
  m_FlareFadeSpeed: 3
  m_HaloTexture: {fileID: 0}
  m_SpotCookie: {fileID: 0}
  m_ObjectHideFlags: 0
--- !u!127 &3
LevelGameManager:
  m_ObjectHideFlags: 0
--- !u!157 &4
LightmapSettings:
  m_ObjectHideFlags: 0
  m_LightProbes: {fileID: 0}
  m_Lightmaps: []
  m_LightmapsMode: 1
  m_BakedColorSpace: 0
  m_UseDualLightmapsInForward: 0
  m_LightmapEditorSettings:
    m_Resolution: 50
    m_LastUsedResolution: 0
    m_TextureWidth: 1024
    m_TextureHeight: 1024
    m_BounceBoost: 1
    m_BounceIntensity: 1
    m_SkyLightColor: {r: .860000014, g: .930000007, b: 1, a: 1}
    m_SkyLightIntensity: 0
    m_Quality: 0
    m_Bounces: 1
    m_FinalGatherRays: 1000
    m_FinalGatherContrastThreshold: .0500000007
    m_FinalGatherGradientThreshold: 0
    m_FinalGatherInterpolationPoints: 15
    m_AOAmount: 0
    m_AOMaxDistance: .100000001
    m_AOContrast: 1
    m_LODSurfaceMappingDistance: 1
    m_Padding: 0
    m_TextureCompression: 0
    m_LockAtlas: 0
--- !u!196 &5
NavMeshSettings:
  m_ObjectHideFlags: 0
  m_BuildSettings:
    agentRadius: .5
    agentHeight: 2
    agentSlope: 45
    agentClimb: .400000006
    ledgeDropHeight: 0
    maxJumpAcrossDistance: 0
    accuratePlacement: 0
    minRegionArea: 2
    widthInaccuracy: 16.666666
    heightInaccuracy: 10
  m_NavMesh: {fileID: 0}
--- !u!1001 &53346081
Prefab:
  m_ObjectHideFlags: 0
  serializedVersion: 2
  m_Modification:
    m_TransformParent: {fileID: 0}
    m_Modifications:
    - target: {fileID: 400000, guid: b6b2057a2b2a0694eb40fee708bc4eed, type: 2}
      propertyPath: m_LocalPosition.x
      value: 6.32055426
      objectReference: {fileID: 0}
    - target: {fileID: 400000, guid: b6b2057a2b2a0694eb40fee708bc4eed, type: 2}
      propertyPath: m_LocalPosition.y
      value: -1.75379908
      objectReference: {fileID: 0}
    - target: {fileID: 400000, guid: b6b2057a2b2a0694eb40fee708bc4eed, type: 2}
      propertyPath: m_LocalPosition.z
      value: 0
      objectReference: {fileID: 0}
    - target: {fileID: 400000, guid: b6b2057a2b2a0694eb40fee708bc4eed, type: 2}
      propertyPath: m_LocalRotation.x
      value: 0
      objectReference: {fileID: 0}
    - target: {fileID: 400000, guid: b6b2057a2b2a0694eb40fee708bc4eed, type: 2}
      propertyPath: m_LocalRotation.y
      value: 0
      objectReference: {fileID: 0}
    - target: {fileID: 400000, guid: b6b2057a2b2a0694eb40fee708bc4eed, type: 2}
      propertyPath: m_LocalRotation.z
      value: .707106829
      objectReference: {fileID: 0}
    - target: {fileID: 400000, guid: b6b2057a2b2a0694eb40fee708bc4eed, type: 2}
      propertyPath: m_LocalRotation.w
      value: .707106829
      objectReference: {fileID: 0}
    m_RemovedComponents: []
  m_ParentPrefab: {fileID: 100100000, guid: b6b2057a2b2a0694eb40fee708bc4eed, type: 2}
  m_RootGameObject: {fileID: 577349659}
  m_IsPrefabParent: 0
  m_IsExploded: 1
--- !u!1001 &133558461
Prefab:
  m_ObjectHideFlags: 0
  serializedVersion: 2
  m_Modification:
    m_TransformParent: {fileID: 0}
    m_Modifications:
    - target: {fileID: 400000, guid: 0cf945f08ec64eb468c9913b0fafec2c, type: 2}
      propertyPath: m_LocalPosition.x
      value: -5.53191233
      objectReference: {fileID: 0}
    - target: {fileID: 400000, guid: 0cf945f08ec64eb468c9913b0fafec2c, type: 2}
      propertyPath: m_LocalPosition.y
      value: -3.5
      objectReference: {fileID: 0}
    - target: {fileID: 400000, guid: 0cf945f08ec64eb468c9913b0fafec2c, type: 2}
      propertyPath: m_LocalPosition.z
      value: 0
      objectReference: {fileID: 0}
    - target: {fileID: 400000, guid: 0cf945f08ec64eb468c9913b0fafec2c, type: 2}
      propertyPath: m_LocalRotation.x
      value: 0
      objectReference: {fileID: 0}
    - target: {fileID: 400000, guid: 0cf945f08ec64eb468c9913b0fafec2c, type: 2}
      propertyPath: m_LocalRotation.y
      value: 0
      objectReference: {fileID: 0}
    - target: {fileID: 400000, guid: 0cf945f08ec64eb468c9913b0fafec2c, type: 2}
      propertyPath: m_LocalRotation.z
      value: 0
      objectReference: {fileID: 0}
    - target: {fileID: 400000, guid: 0cf945f08ec64eb468c9913b0fafec2c, type: 2}
      propertyPath: m_LocalRotation.w
      value: 1
      objectReference: {fileID: 0}
    m_RemovedComponents: []
  m_ParentPrefab: {fileID: 100100000, guid: 0cf945f08ec64eb468c9913b0fafec2c, type: 2}
  m_RootGameObject: {fileID: 1638840094}
  m_IsPrefabParent: 0
  m_IsExploded: 1
--- !u!1 &175350924
GameObject:
  m_ObjectHideFlags: 0
  m_PrefabParentObject: {fileID: 100000, guid: 0cf945f08ec64eb468c9913b0fafec2c, type: 2}
  m_PrefabInternal: {fileID: 721842055}
  serializedVersion: 4
  m_Component:
  - 4: {fileID: 175350927}
  - 212: {fileID: 175350926}
  - 61: {fileID: 175350925}
  m_Layer: 9
  m_Name: TestPlatform
  m_TagString: Untagged
  m_Icon: {fileID: 0}
  m_NavMeshLayer: 0
  m_StaticEditorFlags: 0
  m_IsActive: 1
--- !u!61 &175350925
BoxCollider2D:
  m_ObjectHideFlags: 0
  m_PrefabParentObject: {fileID: 6100000, guid: 0cf945f08ec64eb468c9913b0fafec2c,
    type: 2}
  m_PrefabInternal: {fileID: 721842055}
  m_GameObject: {fileID: 175350924}
  m_Enabled: 1
  m_Material: {fileID: 0}
  m_IsTrigger: 0
  m_Size: {x: 2.55999994, y: .319999993}
  m_Center: {x: 0, y: 0}
--- !u!212 &175350926
SpriteRenderer:
  m_ObjectHideFlags: 0
  m_PrefabParentObject: {fileID: 21200000, guid: 0cf945f08ec64eb468c9913b0fafec2c,
    type: 2}
  m_PrefabInternal: {fileID: 721842055}
  m_GameObject: {fileID: 175350924}
  m_Enabled: 1
  m_CastShadows: 0
  m_ReceiveShadows: 0
  m_LightmapIndex: 255
  m_LightmapTilingOffset: {x: 1, y: 1, z: 0, w: 0}
  m_Materials:
  - {fileID: 10754, guid: 0000000000000000e000000000000000, type: 0}
  m_SubsetIndices: 
  m_StaticBatchRoot: {fileID: 0}
  m_UseLightProbes: 0
  m_LightProbeAnchor: {fileID: 0}
  m_ScaleInLightmap: 1
  m_SortingLayer: 0
  m_SortingOrder: 0
  m_SortingLayerID: 0
  m_Sprite: {fileID: 21300000, guid: 4a441f84c0aaf704eb543951625c1cb5, type: 3}
  m_Color: {r: 1, g: 1, b: 1, a: 1}
--- !u!4 &175350927
Transform:
  m_ObjectHideFlags: 0
  m_PrefabParentObject: {fileID: 400000, guid: 0cf945f08ec64eb468c9913b0fafec2c, type: 2}
  m_PrefabInternal: {fileID: 721842055}
  m_GameObject: {fileID: 175350924}
  m_LocalRotation: {x: 0, y: 0, z: 0, w: 1}
  m_LocalPosition: {x: -2.74624658, y: -3.5, z: 0}
  m_LocalScale: {x: 1, y: 1, z: 1}
  m_Children: []
  m_Father: {fileID: 0}
--- !u!1 &212681092
GameObject:
  m_ObjectHideFlags: 0
  m_PrefabParentObject: {fileID: 100000, guid: 0cf945f08ec64eb468c9913b0fafec2c, type: 2}
  m_PrefabInternal: {fileID: 1138448329}
  serializedVersion: 4
  m_Component:
  - 4: {fileID: 212681095}
  - 212: {fileID: 212681094}
  - 61: {fileID: 212681093}
  m_Layer: 9
  m_Name: TestPlatform
  m_TagString: Untagged
  m_Icon: {fileID: 0}
  m_NavMeshLayer: 0
  m_StaticEditorFlags: 0
  m_IsActive: 1
--- !u!61 &212681093
BoxCollider2D:
  m_ObjectHideFlags: 0
  m_PrefabParentObject: {fileID: 6100000, guid: 0cf945f08ec64eb468c9913b0fafec2c,
    type: 2}
  m_PrefabInternal: {fileID: 1138448329}
  m_GameObject: {fileID: 212681092}
  m_Enabled: 1
  m_Material: {fileID: 0}
  m_IsTrigger: 0
  m_Size: {x: 2.55999994, y: .319999993}
  m_Center: {x: 0, y: 0}
--- !u!212 &212681094
SpriteRenderer:
  m_ObjectHideFlags: 0
  m_PrefabParentObject: {fileID: 21200000, guid: 0cf945f08ec64eb468c9913b0fafec2c,
    type: 2}
  m_PrefabInternal: {fileID: 1138448329}
  m_GameObject: {fileID: 212681092}
  m_Enabled: 1
  m_CastShadows: 0
  m_ReceiveShadows: 0
  m_LightmapIndex: 255
  m_LightmapTilingOffset: {x: 1, y: 1, z: 0, w: 0}
  m_Materials:
  - {fileID: 10754, guid: 0000000000000000e000000000000000, type: 0}
  m_SubsetIndices: 
  m_StaticBatchRoot: {fileID: 0}
  m_UseLightProbes: 0
  m_LightProbeAnchor: {fileID: 0}
  m_ScaleInLightmap: 1
  m_SortingLayer: 0
  m_SortingOrder: 0
  m_SortingLayerID: 0
  m_Sprite: {fileID: 21300000, guid: 4a441f84c0aaf704eb543951625c1cb5, type: 3}
  m_Color: {r: 1, g: 1, b: 1, a: 1}
--- !u!4 &212681095
Transform:
  m_ObjectHideFlags: 0
  m_PrefabParentObject: {fileID: 400000, guid: 0cf945f08ec64eb468c9913b0fafec2c, type: 2}
  m_PrefabInternal: {fileID: 1138448329}
  m_GameObject: {fileID: 212681092}
  m_LocalRotation: {x: 0, y: 0, z: 0, w: 1}
  m_LocalPosition: {x: -.706255972, y: -2.01196337, z: 0}
  m_LocalScale: {x: 1, y: 1, z: 1}
  m_Children: []
  m_Father: {fileID: 0}
--- !u!1 &227972474
GameObject:
  m_ObjectHideFlags: 0
  m_PrefabParentObject: {fileID: 100000, guid: 0cf945f08ec64eb468c9913b0fafec2c, type: 2}
  m_PrefabInternal: {fileID: 752391107}
  serializedVersion: 4
  m_Component:
  - 4: {fileID: 227972477}
  - 212: {fileID: 227972476}
  - 61: {fileID: 227972475}
  m_Layer: 9
  m_Name: TestPlatform
  m_TagString: Untagged
  m_Icon: {fileID: 0}
  m_NavMeshLayer: 0
  m_StaticEditorFlags: 0
  m_IsActive: 1
--- !u!61 &227972475
BoxCollider2D:
  m_ObjectHideFlags: 0
  m_PrefabParentObject: {fileID: 6100000, guid: 0cf945f08ec64eb468c9913b0fafec2c,
    type: 2}
  m_PrefabInternal: {fileID: 752391107}
  m_GameObject: {fileID: 227972474}
  m_Enabled: 1
  m_Material: {fileID: 0}
  m_IsTrigger: 0
  m_Size: {x: 2.55999994, y: .319999993}
  m_Center: {x: 0, y: 0}
--- !u!212 &227972476
SpriteRenderer:
  m_ObjectHideFlags: 0
  m_PrefabParentObject: {fileID: 21200000, guid: 0cf945f08ec64eb468c9913b0fafec2c,
    type: 2}
  m_PrefabInternal: {fileID: 752391107}
  m_GameObject: {fileID: 227972474}
  m_Enabled: 1
  m_CastShadows: 0
  m_ReceiveShadows: 0
  m_LightmapIndex: 255
  m_LightmapTilingOffset: {x: 1, y: 1, z: 0, w: 0}
  m_Materials:
  - {fileID: 10754, guid: 0000000000000000e000000000000000, type: 0}
  m_SubsetIndices: 
  m_StaticBatchRoot: {fileID: 0}
  m_UseLightProbes: 0
  m_LightProbeAnchor: {fileID: 0}
  m_ScaleInLightmap: 1
  m_SortingLayer: 0
  m_SortingOrder: 0
  m_SortingLayerID: 0
  m_Sprite: {fileID: 21300000, guid: 4a441f84c0aaf704eb543951625c1cb5, type: 3}
  m_Color: {r: 1, g: 1, b: 1, a: 1}
--- !u!4 &227972477
Transform:
  m_ObjectHideFlags: 0
  m_PrefabParentObject: {fileID: 400000, guid: 0cf945f08ec64eb468c9913b0fafec2c, type: 2}
  m_PrefabInternal: {fileID: 752391107}
  m_GameObject: {fileID: 227972474}
  m_LocalRotation: {x: 0, y: 0, z: 0, w: 1}
  m_LocalPosition: {x: 5.16399479, y: -3.5, z: 0}
  m_LocalScale: {x: 1, y: 1, z: 1}
  m_Children: []
  m_Father: {fileID: 0}
--- !u!1001 &328195115
Prefab:
  m_ObjectHideFlags: 0
  serializedVersion: 2
  m_Modification:
    m_TransformParent: {fileID: 0}
    m_Modifications:
    - target: {fileID: 400000, guid: b6b2057a2b2a0694eb40fee708bc4eed, type: 2}
      propertyPath: m_LocalPosition.x
      value: -6.6891098
      objectReference: {fileID: 0}
    - target: {fileID: 400000, guid: b6b2057a2b2a0694eb40fee708bc4eed, type: 2}
      propertyPath: m_LocalPosition.y
      value: -1.79294431
      objectReference: {fileID: 0}
    - target: {fileID: 400000, guid: b6b2057a2b2a0694eb40fee708bc4eed, type: 2}
      propertyPath: m_LocalPosition.z
      value: 0
      objectReference: {fileID: 0}
    - target: {fileID: 400000, guid: b6b2057a2b2a0694eb40fee708bc4eed, type: 2}
      propertyPath: m_LocalRotation.x
      value: 0
      objectReference: {fileID: 0}
    - target: {fileID: 400000, guid: b6b2057a2b2a0694eb40fee708bc4eed, type: 2}
      propertyPath: m_LocalRotation.y
      value: 0
      objectReference: {fileID: 0}
    - target: {fileID: 400000, guid: b6b2057a2b2a0694eb40fee708bc4eed, type: 2}
      propertyPath: m_LocalRotation.z
      value: .707106829
      objectReference: {fileID: 0}
    - target: {fileID: 400000, guid: b6b2057a2b2a0694eb40fee708bc4eed, type: 2}
      propertyPath: m_LocalRotation.w
      value: .707106829
      objectReference: {fileID: 0}
    m_RemovedComponents: []
  m_ParentPrefab: {fileID: 100100000, guid: b6b2057a2b2a0694eb40fee708bc4eed, type: 2}
  m_RootGameObject: {fileID: 921435407}
  m_IsPrefabParent: 0
  m_IsExploded: 1
--- !u!1 &468566873
GameObject:
  m_ObjectHideFlags: 0
  m_PrefabParentObject: {fileID: 100000, guid: 0cf945f08ec64eb468c9913b0fafec2c, type: 2}
  m_PrefabInternal: {fileID: 737514234}
  serializedVersion: 4
  m_Component:
  - 4: {fileID: 468566876}
  - 212: {fileID: 468566875}
  - 61: {fileID: 468566874}
  m_Layer: 9
  m_Name: TestPlatform
  m_TagString: Untagged
  m_Icon: {fileID: 0}
  m_NavMeshLayer: 0
  m_StaticEditorFlags: 0
  m_IsActive: 1
--- !u!61 &468566874
BoxCollider2D:
  m_ObjectHideFlags: 0
  m_PrefabParentObject: {fileID: 6100000, guid: 0cf945f08ec64eb468c9913b0fafec2c,
    type: 2}
  m_PrefabInternal: {fileID: 737514234}
  m_GameObject: {fileID: 468566873}
  m_Enabled: 1
  m_Material: {fileID: 0}
  m_IsTrigger: 0
  m_Size: {x: 2.55999994, y: .319999993}
  m_Center: {x: 0, y: 0}
--- !u!212 &468566875
SpriteRenderer:
  m_ObjectHideFlags: 0
  m_PrefabParentObject: {fileID: 21200000, guid: 0cf945f08ec64eb468c9913b0fafec2c,
    type: 2}
  m_PrefabInternal: {fileID: 737514234}
  m_GameObject: {fileID: 468566873}
  m_Enabled: 1
  m_CastShadows: 0
  m_ReceiveShadows: 0
  m_LightmapIndex: 255
  m_LightmapTilingOffset: {x: 1, y: 1, z: 0, w: 0}
  m_Materials:
  - {fileID: 10754, guid: 0000000000000000e000000000000000, type: 0}
  m_SubsetIndices: 
  m_StaticBatchRoot: {fileID: 0}
  m_UseLightProbes: 0
  m_LightProbeAnchor: {fileID: 0}
  m_ScaleInLightmap: 1
  m_SortingLayer: 0
  m_SortingOrder: 0
  m_SortingLayerID: 0
  m_Sprite: {fileID: 21300000, guid: 4a441f84c0aaf704eb543951625c1cb5, type: 3}
  m_Color: {r: 1, g: 1, b: 1, a: 1}
--- !u!4 &468566876
Transform:
  m_ObjectHideFlags: 0
  m_PrefabParentObject: {fileID: 400000, guid: 0cf945f08ec64eb468c9913b0fafec2c, type: 2}
  m_PrefabInternal: {fileID: 737514234}
  m_GameObject: {fileID: 468566873}
  m_LocalRotation: {x: 0, y: 0, z: 0, w: 1}
  m_LocalPosition: {x: 2.56228733, y: -3.5, z: 0}
  m_LocalScale: {x: 1, y: 1, z: 1}
  m_Children: []
  m_Father: {fileID: 0}
--- !u!1 &577349659
GameObject:
  m_ObjectHideFlags: 0
  m_PrefabParentObject: {fileID: 100000, guid: b6b2057a2b2a0694eb40fee708bc4eed, type: 2}
  m_PrefabInternal: {fileID: 53346081}
  serializedVersion: 4
  m_Component:
  - 4: {fileID: 577349662}
  - 212: {fileID: 577349661}
  - 61: {fileID: 577349660}
  m_Layer: 9
  m_Name: TestPlatformVertical
  m_TagString: Untagged
  m_Icon: {fileID: 0}
  m_NavMeshLayer: 0
  m_StaticEditorFlags: 0
  m_IsActive: 1
--- !u!61 &577349660
BoxCollider2D:
  m_ObjectHideFlags: 0
  m_PrefabParentObject: {fileID: 6100000, guid: b6b2057a2b2a0694eb40fee708bc4eed,
    type: 2}
  m_PrefabInternal: {fileID: 53346081}
  m_GameObject: {fileID: 577349659}
  m_Enabled: 1
  m_Material: {fileID: 0}
  m_IsTrigger: 0
  m_Size: {x: 2.55999994, y: .319999993}
  m_Center: {x: 0, y: 0}
--- !u!212 &577349661
SpriteRenderer:
  m_ObjectHideFlags: 0
  m_PrefabParentObject: {fileID: 21200000, guid: b6b2057a2b2a0694eb40fee708bc4eed,
    type: 2}
  m_PrefabInternal: {fileID: 53346081}
  m_GameObject: {fileID: 577349659}
  m_Enabled: 1
  m_CastShadows: 0
  m_ReceiveShadows: 0
  m_LightmapIndex: 255
  m_LightmapTilingOffset: {x: 1, y: 1, z: 0, w: 0}
  m_Materials:
  - {fileID: 10754, guid: 0000000000000000e000000000000000, type: 0}
  m_SubsetIndices: 
  m_StaticBatchRoot: {fileID: 0}
  m_UseLightProbes: 0
  m_LightProbeAnchor: {fileID: 0}
  m_ScaleInLightmap: 1
  m_SortingLayer: 0
  m_SortingOrder: 0
  m_SortingLayerID: 0
  m_Sprite: {fileID: 21300000, guid: 4a441f84c0aaf704eb543951625c1cb5, type: 3}
  m_Color: {r: 1, g: 1, b: 1, a: 1}
--- !u!4 &577349662
Transform:
  m_ObjectHideFlags: 0
  m_PrefabParentObject: {fileID: 400000, guid: b6b2057a2b2a0694eb40fee708bc4eed, type: 2}
  m_PrefabInternal: {fileID: 53346081}
  m_GameObject: {fileID: 577349659}
  m_LocalRotation: {x: 0, y: 0, z: .707106829, w: .707106829}
  m_LocalPosition: {x: 6.32055426, y: -1.75379908, z: 0}
  m_LocalScale: {x: 1, y: 1, z: 1}
  m_Children: []
  m_Father: {fileID: 0}
--- !u!1 &617982469
GameObject:
  m_ObjectHideFlags: 0
  m_PrefabParentObject: {fileID: 100000, guid: 0cf945f08ec64eb468c9913b0fafec2c, type: 2}
  m_PrefabInternal: {fileID: 1538879854}
  serializedVersion: 4
  m_Component:
  - 4: {fileID: 617982471}
  - 212: {fileID: 617982470}
  - 61: {fileID: 617982472}
  m_Layer: 9
  m_Name: TestPlatform
  m_TagString: Untagged
  m_Icon: {fileID: 0}
  m_NavMeshLayer: 0
  m_StaticEditorFlags: 0
  m_IsActive: 1
--- !u!212 &617982470
SpriteRenderer:
  m_ObjectHideFlags: 0
  m_PrefabParentObject: {fileID: 21200000, guid: 0cf945f08ec64eb468c9913b0fafec2c,
    type: 2}
  m_PrefabInternal: {fileID: 1538879854}
  m_GameObject: {fileID: 617982469}
  m_Enabled: 1
  m_CastShadows: 0
  m_ReceiveShadows: 0
  m_LightmapIndex: 255
  m_LightmapTilingOffset: {x: 1, y: 1, z: 0, w: 0}
  m_Materials:
  - {fileID: 10754, guid: 0000000000000000e000000000000000, type: 0}
  m_SubsetIndices: 
  m_StaticBatchRoot: {fileID: 0}
  m_UseLightProbes: 0
  m_LightProbeAnchor: {fileID: 0}
  m_ScaleInLightmap: 1
  m_SortingLayer: 0
  m_SortingOrder: 0
  m_SortingLayerID: 0
  m_Sprite: {fileID: 21300000, guid: 4a441f84c0aaf704eb543951625c1cb5, type: 3}
  m_Color: {r: 1, g: 1, b: 1, a: 1}
--- !u!4 &617982471
Transform:
  m_ObjectHideFlags: 0
  m_PrefabParentObject: {fileID: 400000, guid: 0cf945f08ec64eb468c9913b0fafec2c, type: 2}
  m_PrefabInternal: {fileID: 1538879854}
  m_GameObject: {fileID: 617982469}
  m_LocalRotation: {x: 0, y: 0, z: 0, w: 1}
  m_LocalPosition: {x: 0, y: -3.5, z: 0}
  m_LocalScale: {x: 1, y: 1, z: 1}
  m_Children: []
  m_Father: {fileID: 0}
--- !u!61 &617982472
BoxCollider2D:
  m_ObjectHideFlags: 0
  m_PrefabParentObject: {fileID: 6100000, guid: 0cf945f08ec64eb468c9913b0fafec2c,
    type: 2}
  m_PrefabInternal: {fileID: 1538879854}
  m_GameObject: {fileID: 617982469}
  m_Enabled: 1
  m_Material: {fileID: 0}
  m_IsTrigger: 0
  m_Size: {x: 2.55999994, y: .319999993}
  m_Center: {x: 0, y: 0}
--- !u!1 &681827407
GameObject:
  m_ObjectHideFlags: 0
  m_PrefabParentObject: {fileID: 100000, guid: 475163e044dfd584b914092fb87d34c4, type: 2}
  m_PrefabInternal: {fileID: 933065148}
  serializedVersion: 4
  m_Component:
  - 4: {fileID: 681827412}
  - 212: {fileID: 681827411}
  - 61: {fileID: 681827410}
  - 114: {fileID: 681827409}
  - 114: {fileID: 681827408}
  m_Layer: 0
  m_Name: TestPlayer
  m_TagString: Untagged
  m_Icon: {fileID: 0}
  m_NavMeshLayer: 0
  m_StaticEditorFlags: 0
  m_IsActive: 1
--- !u!114 &681827408
MonoBehaviour:
  m_ObjectHideFlags: 0
  m_PrefabParentObject: {fileID: 11400000, guid: 475163e044dfd584b914092fb87d34c4,
    type: 2}
  m_PrefabInternal: {fileID: 933065148}
  m_GameObject: {fileID: 681827407}
  m_Enabled: 1
  m_EditorHideFlags: 0
  m_Script: {fileID: 11500000, guid: ddae7156f8c0ec044908968a3a24f29c, type: 3}
  m_Name: 
  m_EditorClassIdentifier: 
  mAcceleration: {x: 20, y: 50}
  mMaxSpeed: {x: 10, y: 0}
  mMaxJumpTime: .200000003
--- !u!114 &681827409
MonoBehaviour:
  m_ObjectHideFlags: 0
  m_PrefabParentObject: {fileID: 11400002, guid: 475163e044dfd584b914092fb87d34c4,
    type: 2}
  m_PrefabInternal: {fileID: 933065148}
  m_GameObject: {fileID: 681827407}
  m_Enabled: 1
  m_EditorHideFlags: 0
  m_Script: {fileID: 11500000, guid: e1568c741b4dad74eb6298f0ff0842e4, type: 3}
  m_Name: 
  m_EditorClassIdentifier: 
  mNumberOfRays: 6
  mLayerMask:
    serializedVersion: 2
    m_Bits: 512
--- !u!61 &681827410
BoxCollider2D:
  m_ObjectHideFlags: 0
  m_PrefabParentObject: {fileID: 6100000, guid: 475163e044dfd584b914092fb87d34c4,
    type: 2}
  m_PrefabInternal: {fileID: 933065148}
  m_GameObject: {fileID: 681827407}
  m_Enabled: 1
  m_Material: {fileID: 0}
  m_IsTrigger: 0
  m_Size: {x: 2.55999994, y: 2.55999994}
  m_Center: {x: 0, y: 0}
--- !u!212 &681827411
SpriteRenderer:
  m_ObjectHideFlags: 0
  m_PrefabParentObject: {fileID: 21200000, guid: 475163e044dfd584b914092fb87d34c4,
    type: 2}
  m_PrefabInternal: {fileID: 933065148}
  m_GameObject: {fileID: 681827407}
  m_Enabled: 1
  m_CastShadows: 0
  m_ReceiveShadows: 0
  m_LightmapIndex: 255
  m_LightmapTilingOffset: {x: 1, y: 1, z: 0, w: 0}
  m_Materials:
  - {fileID: 10754, guid: 0000000000000000e000000000000000, type: 0}
  m_SubsetIndices: 
  m_StaticBatchRoot: {fileID: 0}
  m_UseLightProbes: 0
  m_LightProbeAnchor: {fileID: 0}
  m_ScaleInLightmap: 1
  m_SortingLayer: 0
  m_SortingOrder: 0
  m_SortingLayerID: 0
  m_Sprite: {fileID: 21300000, guid: b01d3d7ef3a4d0c48a36892087b73086, type: 3}
  m_Color: {r: 1, g: 1, b: 1, a: 1}
--- !u!4 &681827412
Transform:
  m_ObjectHideFlags: 0
  m_PrefabParentObject: {fileID: 400000, guid: 475163e044dfd584b914092fb87d34c4, type: 2}
  m_PrefabInternal: {fileID: 933065148}
  m_GameObject: {fileID: 681827407}
  m_LocalRotation: {x: 0, y: 0, z: 0, w: 1}
  m_LocalPosition: {x: 0, y: 0, z: 0}
  m_LocalScale: {x: 1, y: 1, z: 1}
  m_Children:
  - {fileID: 1443476301}
  m_Father: {fileID: 0}
--- !u!1001 &721842055
Prefab:
  m_ObjectHideFlags: 0
  serializedVersion: 2
  m_Modification:
    m_TransformParent: {fileID: 0}
    m_Modifications:
    - target: {fileID: 400000, guid: 0cf945f08ec64eb468c9913b0fafec2c, type: 2}
      propertyPath: m_LocalPosition.x
      value: -2.74624658
      objectReference: {fileID: 0}
    - target: {fileID: 400000, guid: 0cf945f08ec64eb468c9913b0fafec2c, type: 2}
      propertyPath: m_LocalPosition.y
      value: -3.5
      objectReference: {fileID: 0}
    - target: {fileID: 400000, guid: 0cf945f08ec64eb468c9913b0fafec2c, type: 2}
      propertyPath: m_LocalPosition.z
      value: 0
      objectReference: {fileID: 0}
    - target: {fileID: 400000, guid: 0cf945f08ec64eb468c9913b0fafec2c, type: 2}
      propertyPath: m_LocalRotation.x
      value: 0
      objectReference: {fileID: 0}
    - target: {fileID: 400000, guid: 0cf945f08ec64eb468c9913b0fafec2c, type: 2}
      propertyPath: m_LocalRotation.y
      value: 0
      objectReference: {fileID: 0}
    - target: {fileID: 400000, guid: 0cf945f08ec64eb468c9913b0fafec2c, type: 2}
      propertyPath: m_LocalRotation.z
      value: 0
      objectReference: {fileID: 0}
    - target: {fileID: 400000, guid: 0cf945f08ec64eb468c9913b0fafec2c, type: 2}
      propertyPath: m_LocalRotation.w
      value: 1
      objectReference: {fileID: 0}
    m_RemovedComponents: []
  m_ParentPrefab: {fileID: 100100000, guid: 0cf945f08ec64eb468c9913b0fafec2c, type: 2}
  m_RootGameObject: {fileID: 175350924}
  m_IsPrefabParent: 0
  m_IsExploded: 1
--- !u!1001 &737514234
Prefab:
  m_ObjectHideFlags: 0
  serializedVersion: 2
  m_Modification:
    m_TransformParent: {fileID: 0}
    m_Modifications:
    - target: {fileID: 400000, guid: 0cf945f08ec64eb468c9913b0fafec2c, type: 2}
      propertyPath: m_LocalPosition.x
      value: 2.56228733
      objectReference: {fileID: 0}
    - target: {fileID: 400000, guid: 0cf945f08ec64eb468c9913b0fafec2c, type: 2}
      propertyPath: m_LocalPosition.y
      value: -3.5
      objectReference: {fileID: 0}
    - target: {fileID: 400000, guid: 0cf945f08ec64eb468c9913b0fafec2c, type: 2}
      propertyPath: m_LocalPosition.z
      value: 0
      objectReference: {fileID: 0}
    - target: {fileID: 400000, guid: 0cf945f08ec64eb468c9913b0fafec2c, type: 2}
      propertyPath: m_LocalRotation.x
      value: 0
      objectReference: {fileID: 0}
    - target: {fileID: 400000, guid: 0cf945f08ec64eb468c9913b0fafec2c, type: 2}
      propertyPath: m_LocalRotation.y
      value: 0
      objectReference: {fileID: 0}
    - target: {fileID: 400000, guid: 0cf945f08ec64eb468c9913b0fafec2c, type: 2}
      propertyPath: m_LocalRotation.z
      value: 0
      objectReference: {fileID: 0}
    - target: {fileID: 400000, guid: 0cf945f08ec64eb468c9913b0fafec2c, type: 2}
      propertyPath: m_LocalRotation.w
      value: 1
      objectReference: {fileID: 0}
    m_RemovedComponents: []
  m_ParentPrefab: {fileID: 100100000, guid: 0cf945f08ec64eb468c9913b0fafec2c, type: 2}
  m_RootGameObject: {fileID: 468566873}
  m_IsPrefabParent: 0
  m_IsExploded: 1
--- !u!1001 &752391107
Prefab:
  m_ObjectHideFlags: 0
  serializedVersion: 2
  m_Modification:
    m_TransformParent: {fileID: 0}
    m_Modifications:
    - target: {fileID: 400000, guid: 0cf945f08ec64eb468c9913b0fafec2c, type: 2}
      propertyPath: m_LocalPosition.x
      value: 5.16399479
      objectReference: {fileID: 0}
    - target: {fileID: 400000, guid: 0cf945f08ec64eb468c9913b0fafec2c, type: 2}
      propertyPath: m_LocalPosition.y
      value: -3.5
      objectReference: {fileID: 0}
    - target: {fileID: 400000, guid: 0cf945f08ec64eb468c9913b0fafec2c, type: 2}
      propertyPath: m_LocalPosition.z
      value: 0
      objectReference: {fileID: 0}
    - target: {fileID: 400000, guid: 0cf945f08ec64eb468c9913b0fafec2c, type: 2}
      propertyPath: m_LocalRotation.x
      value: 0
      objectReference: {fileID: 0}
    - target: {fileID: 400000, guid: 0cf945f08ec64eb468c9913b0fafec2c, type: 2}
      propertyPath: m_LocalRotation.y
      value: 0
      objectReference: {fileID: 0}
    - target: {fileID: 400000, guid: 0cf945f08ec64eb468c9913b0fafec2c, type: 2}
      propertyPath: m_LocalRotation.z
      value: 0
      objectReference: {fileID: 0}
    - target: {fileID: 400000, guid: 0cf945f08ec64eb468c9913b0fafec2c, type: 2}
      propertyPath: m_LocalRotation.w
      value: 1
      objectReference: {fileID: 0}
    m_RemovedComponents: []
  m_ParentPrefab: {fileID: 100100000, guid: 0cf945f08ec64eb468c9913b0fafec2c, type: 2}
  m_RootGameObject: {fileID: 227972474}
  m_IsPrefabParent: 0
  m_IsExploded: 1
--- !u!1 &842699153
GameObject:
  m_ObjectHideFlags: 0
  m_PrefabParentObject: {fileID: 0}
  m_PrefabInternal: {fileID: 0}
  serializedVersion: 4
  m_Component:
  - 4: {fileID: 842699156}
  - 114: {fileID: 842699155}
  - 114: {fileID: 842699154}
  m_Layer: 0
  m_Name: Manager
  m_TagString: Untagged
  m_Icon: {fileID: 0}
  m_NavMeshLayer: 0
  m_StaticEditorFlags: 0
  m_IsActive: 1
--- !u!114 &842699154
MonoBehaviour:
  m_ObjectHideFlags: 0
  m_PrefabParentObject: {fileID: 0}
  m_PrefabInternal: {fileID: 0}
  m_GameObject: {fileID: 842699153}
  m_Enabled: 1
  m_EditorHideFlags: 0
  m_Script: {fileID: 11500000, guid: 8bde9304c41728b4797ec5bd22a7dcbf, type: 3}
  m_Name: 
  m_EditorClassIdentifier: 
--- !u!114 &842699155
MonoBehaviour:
  m_ObjectHideFlags: 0
  m_PrefabParentObject: {fileID: 0}
  m_PrefabInternal: {fileID: 0}
  m_GameObject: {fileID: 842699153}
  m_Enabled: 1
  m_EditorHideFlags: 0
  m_Script: {fileID: 11500000, guid: ca6777bd29c61c24392ad0e773d588d8, type: 3}
  m_Name: 
  m_EditorClassIdentifier: 
  mAccleration: 20
--- !u!4 &842699156
Transform:
  m_ObjectHideFlags: 0
  m_PrefabParentObject: {fileID: 0}
  m_PrefabInternal: {fileID: 0}
  m_GameObject: {fileID: 842699153}
  m_LocalRotation: {x: 0, y: 0, z: 0, w: 1}
  m_LocalPosition: {x: 0, y: -3.10102463, z: -10}
  m_LocalScale: {x: 1, y: 1, z: 1}
  m_Children: []
  m_Father: {fileID: 0}
--- !u!1 &921435407
GameObject:
  m_ObjectHideFlags: 0
  m_PrefabParentObject: {fileID: 100000, guid: b6b2057a2b2a0694eb40fee708bc4eed, type: 2}
  m_PrefabInternal: {fileID: 328195115}
  serializedVersion: 4
  m_Component:
  - 4: {fileID: 921435410}
  - 212: {fileID: 921435409}
  - 61: {fileID: 921435408}
  m_Layer: 9
  m_Name: TestPlatformVertical
  m_TagString: Untagged
  m_Icon: {fileID: 0}
  m_NavMeshLayer: 0
  m_StaticEditorFlags: 0
  m_IsActive: 1
--- !u!61 &921435408
BoxCollider2D:
  m_ObjectHideFlags: 0
  m_PrefabParentObject: {fileID: 6100000, guid: b6b2057a2b2a0694eb40fee708bc4eed,
    type: 2}
  m_PrefabInternal: {fileID: 328195115}
  m_GameObject: {fileID: 921435407}
  m_Enabled: 1
  m_Material: {fileID: 0}
  m_IsTrigger: 0
  m_Size: {x: 2.55999994, y: .319999993}
  m_Center: {x: 0, y: 0}
--- !u!212 &921435409
SpriteRenderer:
  m_ObjectHideFlags: 0
  m_PrefabParentObject: {fileID: 21200000, guid: b6b2057a2b2a0694eb40fee708bc4eed,
    type: 2}
  m_PrefabInternal: {fileID: 328195115}
  m_GameObject: {fileID: 921435407}
  m_Enabled: 1
  m_CastShadows: 0
  m_ReceiveShadows: 0
  m_LightmapIndex: 255
  m_LightmapTilingOffset: {x: 1, y: 1, z: 0, w: 0}
  m_Materials:
  - {fileID: 10754, guid: 0000000000000000e000000000000000, type: 0}
  m_SubsetIndices: 
  m_StaticBatchRoot: {fileID: 0}
  m_UseLightProbes: 0
  m_LightProbeAnchor: {fileID: 0}
  m_ScaleInLightmap: 1
  m_SortingLayer: 0
  m_SortingOrder: 0
  m_SortingLayerID: 0
  m_Sprite: {fileID: 21300000, guid: 4a441f84c0aaf704eb543951625c1cb5, type: 3}
  m_Color: {r: 1, g: 1, b: 1, a: 1}
--- !u!4 &921435410
Transform:
  m_ObjectHideFlags: 0
  m_PrefabParentObject: {fileID: 400000, guid: b6b2057a2b2a0694eb40fee708bc4eed, type: 2}
  m_PrefabInternal: {fileID: 328195115}
  m_GameObject: {fileID: 921435407}
  m_LocalRotation: {x: 0, y: 0, z: .707106829, w: .707106829}
  m_LocalPosition: {x: -6.6891098, y: -1.79294431, z: 0}
  m_LocalScale: {x: 1, y: 1, z: 1}
  m_Children: []
  m_Father: {fileID: 0}
--- !u!1001 &933065148
Prefab:
  m_ObjectHideFlags: 0
  serializedVersion: 2
  m_Modification:
    m_TransformParent: {fileID: 0}
    m_Modifications:
    - target: {fileID: 400000, guid: 475163e044dfd584b914092fb87d34c4, type: 2}
      propertyPath: m_LocalPosition.x
      value: 0
      objectReference: {fileID: 0}
    - target: {fileID: 400000, guid: 475163e044dfd584b914092fb87d34c4, type: 2}
      propertyPath: m_LocalPosition.y
      value: 0
      objectReference: {fileID: 0}
    - target: {fileID: 400000, guid: 475163e044dfd584b914092fb87d34c4, type: 2}
      propertyPath: m_LocalPosition.z
      value: 0
      objectReference: {fileID: 0}
    - target: {fileID: 400000, guid: 475163e044dfd584b914092fb87d34c4, type: 2}
      propertyPath: m_LocalRotation.x
      value: 0
      objectReference: {fileID: 0}
    - target: {fileID: 400000, guid: 475163e044dfd584b914092fb87d34c4, type: 2}
      propertyPath: m_LocalRotation.y
      value: 0
      objectReference: {fileID: 0}
    - target: {fileID: 400000, guid: 475163e044dfd584b914092fb87d34c4, type: 2}
      propertyPath: m_LocalRotation.z
      value: 0
      objectReference: {fileID: 0}
    - target: {fileID: 400000, guid: 475163e044dfd584b914092fb87d34c4, type: 2}
      propertyPath: m_LocalRotation.w
      value: 1
      objectReference: {fileID: 0}
    - target: {fileID: 11400000, guid: 475163e044dfd584b914092fb87d34c4, type: 2}
      propertyPath: mMaxSpeed.x
      value: 10
      objectReference: {fileID: 0}
    - target: {fileID: 11400000, guid: 475163e044dfd584b914092fb87d34c4, type: 2}
      propertyPath: mAcceleration.x
      value: 20
      objectReference: {fileID: 0}
    - target: {fileID: 11400002, guid: 475163e044dfd584b914092fb87d34c4, type: 2}
      propertyPath: mNumberOfRays
      value: 6
      objectReference: {fileID: 0}
    m_RemovedComponents: []
  m_ParentPrefab: {fileID: 100100000, guid: 475163e044dfd584b914092fb87d34c4, type: 2}
  m_RootGameObject: {fileID: 681827407}
  m_IsPrefabParent: 0
  m_IsExploded: 1
--- !u!1001 &1138448329
Prefab:
  m_ObjectHideFlags: 0
  serializedVersion: 2
  m_Modification:
    m_TransformParent: {fileID: 0}
    m_Modifications:
    - target: {fileID: 400000, guid: 0cf945f08ec64eb468c9913b0fafec2c, type: 2}
      propertyPath: m_LocalPosition.x
      value: -.706255972
      objectReference: {fileID: 0}
    - target: {fileID: 400000, guid: 0cf945f08ec64eb468c9913b0fafec2c, type: 2}
      propertyPath: m_LocalPosition.y
      value: -2.01196337
      objectReference: {fileID: 0}
    - target: {fileID: 400000, guid: 0cf945f08ec64eb468c9913b0fafec2c, type: 2}
      propertyPath: m_LocalPosition.z
      value: 0
      objectReference: {fileID: 0}
    - target: {fileID: 400000, guid: 0cf945f08ec64eb468c9913b0fafec2c, type: 2}
      propertyPath: m_LocalRotation.x
      value: 0
      objectReference: {fileID: 0}
    - target: {fileID: 400000, guid: 0cf945f08ec64eb468c9913b0fafec2c, type: 2}
      propertyPath: m_LocalRotation.y
      value: 0
      objectReference: {fileID: 0}
    - target: {fileID: 400000, guid: 0cf945f08ec64eb468c9913b0fafec2c, type: 2}
      propertyPath: m_LocalRotation.z
      value: 0
      objectReference: {fileID: 0}
    - target: {fileID: 400000, guid: 0cf945f08ec64eb468c9913b0fafec2c, type: 2}
      propertyPath: m_LocalRotation.w
      value: 1
      objectReference: {fileID: 0}
    m_RemovedComponents: []
  m_ParentPrefab: {fileID: 100100000, guid: 0cf945f08ec64eb468c9913b0fafec2c, type: 2}
  m_RootGameObject: {fileID: 212681092}
  m_IsPrefabParent: 0
  m_IsExploded: 1
--- !u!1 &1443476296
GameObject:
  m_ObjectHideFlags: 0
  m_PrefabParentObject: {fileID: 100002, guid: 475163e044dfd584b914092fb87d34c4, type: 2}
  m_PrefabInternal: {fileID: 933065148}
  serializedVersion: 4
  m_Component:
  - 4: {fileID: 1443476301}
  - 20: {fileID: 1443476300}
  - 92: {fileID: 1443476299}
  - 124: {fileID: 1443476298}
  - 81: {fileID: 1443476297}
  m_Layer: 0
  m_Name: Main Camera
  m_TagString: MainCamera
  m_Icon: {fileID: 0}
  m_NavMeshLayer: 0
  m_StaticEditorFlags: 0
  m_IsActive: 1
--- !u!81 &1443476297
AudioListener:
  m_ObjectHideFlags: 0
  m_PrefabParentObject: {fileID: 8100000, guid: 475163e044dfd584b914092fb87d34c4,
    type: 2}
  m_PrefabInternal: {fileID: 933065148}
  m_GameObject: {fileID: 1443476296}
  m_Enabled: 1
--- !u!124 &1443476298
Behaviour:
  m_ObjectHideFlags: 0
  m_PrefabParentObject: {fileID: 12400000, guid: 475163e044dfd584b914092fb87d34c4,
    type: 2}
  m_PrefabInternal: {fileID: 933065148}
  m_GameObject: {fileID: 1443476296}
  m_Enabled: 1
--- !u!92 &1443476299
Behaviour:
  m_ObjectHideFlags: 0
  m_PrefabParentObject: {fileID: 9200000, guid: 475163e044dfd584b914092fb87d34c4,
    type: 2}
  m_PrefabInternal: {fileID: 933065148}
  m_GameObject: {fileID: 1443476296}
  m_Enabled: 1
--- !u!20 &1443476300
Camera:
  m_ObjectHideFlags: 0
  m_PrefabParentObject: {fileID: 2000000, guid: 475163e044dfd584b914092fb87d34c4,
    type: 2}
  m_PrefabInternal: {fileID: 933065148}
  m_GameObject: {fileID: 1443476296}
  m_Enabled: 1
  serializedVersion: 2
  m_ClearFlags: 1
  m_BackGroundColor: {r: .192156866, g: .301960796, b: .474509805, a: .0196078438}
  m_NormalizedViewPortRect:
    serializedVersion: 2
    x: 0
    y: 0
    width: 1
    height: 1
  near clip plane: .300000012
  far clip plane: 1000
  field of view: 60
  orthographic: 1
  orthographic size: 5
  m_Depth: -1
  m_CullingMask:
    serializedVersion: 2
    m_Bits: 4294967295
  m_RenderingPath: -1
  m_TargetTexture: {fileID: 0}
  m_HDR: 0
  m_OcclusionCulling: 1
--- !u!4 &1443476301
Transform:
  m_ObjectHideFlags: 0
  m_PrefabParentObject: {fileID: 400002, guid: 475163e044dfd584b914092fb87d34c4, type: 2}
  m_PrefabInternal: {fileID: 933065148}
  m_GameObject: {fileID: 1443476296}
  m_LocalRotation: {x: 0, y: 0, z: 0, w: 1}
  m_LocalPosition: {x: 0, y: 0, z: -10}
  m_LocalScale: {x: 1, y: 1, z: 1}
  m_Children: []
  m_Father: {fileID: 681827412}
--- !u!1001 &1538879854
Prefab:
  m_ObjectHideFlags: 0
  serializedVersion: 2
  m_Modification:
    m_TransformParent: {fileID: 0}
    m_Modifications:
    - target: {fileID: 400000, guid: 0cf945f08ec64eb468c9913b0fafec2c, type: 2}
      propertyPath: m_LocalPosition.x
      value: 0
      objectReference: {fileID: 0}
    - target: {fileID: 400000, guid: 0cf945f08ec64eb468c9913b0fafec2c, type: 2}
      propertyPath: m_LocalPosition.y
      value: -3.5
      objectReference: {fileID: 0}
    - target: {fileID: 400000, guid: 0cf945f08ec64eb468c9913b0fafec2c, type: 2}
      propertyPath: m_LocalPosition.z
      value: 0
      objectReference: {fileID: 0}
    - target: {fileID: 400000, guid: 0cf945f08ec64eb468c9913b0fafec2c, type: 2}
      propertyPath: m_LocalRotation.x
      value: 0
      objectReference: {fileID: 0}
    - target: {fileID: 400000, guid: 0cf945f08ec64eb468c9913b0fafec2c, type: 2}
      propertyPath: m_LocalRotation.y
      value: 0
      objectReference: {fileID: 0}
    - target: {fileID: 400000, guid: 0cf945f08ec64eb468c9913b0fafec2c, type: 2}
      propertyPath: m_LocalRotation.z
      value: 0
      objectReference: {fileID: 0}
    - target: {fileID: 400000, guid: 0cf945f08ec64eb468c9913b0fafec2c, type: 2}
      propertyPath: m_LocalRotation.w
      value: 1
      objectReference: {fileID: 0}
    m_RemovedComponents: []
  m_ParentPrefab: {fileID: 100100000, guid: 0cf945f08ec64eb468c9913b0fafec2c, type: 2}
  m_RootGameObject: {fileID: 617982469}
  m_IsPrefabParent: 0
  m_IsExploded: 1
--- !u!1 &1638840094
GameObject:
  m_ObjectHideFlags: 0
  m_PrefabParentObject: {fileID: 100000, guid: 0cf945f08ec64eb468c9913b0fafec2c, type: 2}
  m_PrefabInternal: {fileID: 133558461}
  serializedVersion: 4
  m_Component:
  - 4: {fileID: 1638840097}
  - 212: {fileID: 1638840096}
  - 61: {fileID: 1638840095}
  m_Layer: 9
  m_Name: TestPlatform
  m_TagString: Untagged
  m_Icon: {fileID: 0}
  m_NavMeshLayer: 0
  m_StaticEditorFlags: 0
  m_IsActive: 1
--- !u!61 &1638840095
BoxCollider2D:
  m_ObjectHideFlags: 0
  m_PrefabParentObject: {fileID: 6100000, guid: 0cf945f08ec64eb468c9913b0fafec2c,
    type: 2}
  m_PrefabInternal: {fileID: 133558461}
  m_GameObject: {fileID: 1638840094}
  m_Enabled: 1
  m_Material: {fileID: 0}
  m_IsTrigger: 0
  m_Size: {x: 2.55999994, y: .319999993}
  m_Center: {x: 0, y: 0}
--- !u!212 &1638840096
SpriteRenderer:
  m_ObjectHideFlags: 0
  m_PrefabParentObject: {fileID: 21200000, guid: 0cf945f08ec64eb468c9913b0fafec2c,
    type: 2}
  m_PrefabInternal: {fileID: 133558461}
  m_GameObject: {fileID: 1638840094}
  m_Enabled: 1
  m_CastShadows: 0
  m_ReceiveShadows: 0
  m_LightmapIndex: 255
  m_LightmapTilingOffset: {x: 1, y: 1, z: 0, w: 0}
  m_Materials:
  - {fileID: 10754, guid: 0000000000000000e000000000000000, type: 0}
  m_SubsetIndices: 
  m_StaticBatchRoot: {fileID: 0}
  m_UseLightProbes: 0
  m_LightProbeAnchor: {fileID: 0}
  m_ScaleInLightmap: 1
  m_SortingLayer: 0
  m_SortingOrder: 0
  m_SortingLayerID: 0
  m_Sprite: {fileID: 21300000, guid: 4a441f84c0aaf704eb543951625c1cb5, type: 3}
  m_Color: {r: 1, g: 1, b: 1, a: 1}
--- !u!4 &1638840097
Transform:
  m_ObjectHideFlags: 0
  m_PrefabParentObject: {fileID: 400000, guid: 0cf945f08ec64eb468c9913b0fafec2c, type: 2}
  m_PrefabInternal: {fileID: 133558461}
  m_GameObject: {fileID: 1638840094}
  m_LocalRotation: {x: 0, y: 0, z: 0, w: 1}
  m_LocalPosition: {x: -5.53191233, y: -3.5, z: 0}
  m_LocalScale: {x: 1, y: 1, z: 1}
  m_Children: []
  m_Father: {fileID: 0}
--- !u!1 &1752796249
GameObject:
  m_ObjectHideFlags: 0
  m_PrefabParentObject: {fileID: 100000, guid: 0cf945f08ec64eb468c9913b0fafec2c, type: 2}
  m_PrefabInternal: {fileID: 2116850590}
  serializedVersion: 4
  m_Component:
  - 4: {fileID: 1752796252}
  - 212: {fileID: 1752796251}
  - 61: {fileID: 1752796250}
  m_Layer: 9
  m_Name: TestPlatform
  m_TagString: Untagged
  m_Icon: {fileID: 0}
  m_NavMeshLayer: 0
  m_StaticEditorFlags: 0
  m_IsActive: 1
--- !u!61 &1752796250
BoxCollider2D:
  m_ObjectHideFlags: 0
  m_PrefabParentObject: {fileID: 6100000, guid: 0cf945f08ec64eb468c9913b0fafec2c,
    type: 2}
  m_PrefabInternal: {fileID: 2116850590}
  m_GameObject: {fileID: 1752796249}
  m_Enabled: 1
  m_Material: {fileID: 0}
  m_IsTrigger: 0
  m_Size: {x: 2.55999994, y: .319999993}
  m_Center: {x: 0, y: 0}
--- !u!212 &1752796251
SpriteRenderer:
  m_ObjectHideFlags: 0
  m_PrefabParentObject: {fileID: 21200000, guid: 0cf945f08ec64eb468c9913b0fafec2c,
    type: 2}
  m_PrefabInternal: {fileID: 2116850590}
  m_GameObject: {fileID: 1752796249}
  m_Enabled: 1
  m_CastShadows: 0
  m_ReceiveShadows: 0
  m_LightmapIndex: 255
  m_LightmapTilingOffset: {x: 1, y: 1, z: 0, w: 0}
  m_Materials:
  - {fileID: 10754, guid: 0000000000000000e000000000000000, type: 0}
  m_SubsetIndices: 
  m_StaticBatchRoot: {fileID: 0}
  m_UseLightProbes: 0
  m_LightProbeAnchor: {fileID: 0}
  m_ScaleInLightmap: 1
  m_SortingLayer: 0
  m_SortingOrder: 0
  m_SortingLayerID: 0
  m_Sprite: {fileID: 21300000, guid: 4a441f84c0aaf704eb543951625c1cb5, type: 3}
  m_Color: {r: 1, g: 1, b: 1, a: 1}
--- !u!4 &1752796252
Transform:
  m_ObjectHideFlags: 0
  m_PrefabParentObject: {fileID: 400000, guid: 0cf945f08ec64eb468c9913b0fafec2c, type: 2}
  m_PrefabInternal: {fileID: 2116850590}
  m_GameObject: {fileID: 1752796249}
  m_LocalRotation: {x: 0, y: 0, z: 0, w: 1}
  m_LocalPosition: {x: -.746688962, y: 1.69914579, z: 0}
  m_LocalScale: {x: 1, y: 1, z: 1}
  m_Children: []
  m_Father: {fileID: 0}
--- !u!1001 &2116850590
Prefab:
  m_ObjectHideFlags: 0
  serializedVersion: 2
  m_Modification:
    m_TransformParent: {fileID: 0}
    m_Modifications:
    - target: {fileID: 400000, guid: 0cf945f08ec64eb468c9913b0fafec2c, type: 2}
      propertyPath: m_LocalPosition.x
      value: -.746688962
      objectReference: {fileID: 0}
    - target: {fileID: 400000, guid: 0cf945f08ec64eb468c9913b0fafec2c, type: 2}
      propertyPath: m_LocalPosition.y
      value: 1.69914579
      objectReference: {fileID: 0}
    - target: {fileID: 400000, guid: 0cf945f08ec64eb468c9913b0fafec2c, type: 2}
      propertyPath: m_LocalPosition.z
      value: 0
      objectReference: {fileID: 0}
    - target: {fileID: 400000, guid: 0cf945f08ec64eb468c9913b0fafec2c, type: 2}
      propertyPath: m_LocalRotation.x
      value: 0
      objectReference: {fileID: 0}
    - target: {fileID: 400000, guid: 0cf945f08ec64eb468c9913b0fafec2c, type: 2}
      propertyPath: m_LocalRotation.y
      value: 0
      objectReference: {fileID: 0}
    - target: {fileID: 400000, guid: 0cf945f08ec64eb468c9913b0fafec2c, type: 2}
      propertyPath: m_LocalRotation.z
      value: 0
      objectReference: {fileID: 0}
    - target: {fileID: 400000, guid: 0cf945f08ec64eb468c9913b0fafec2c, type: 2}
      propertyPath: m_LocalRotation.w
      value: 1
      objectReference: {fileID: 0}
    m_RemovedComponents: []
  m_ParentPrefab: {fileID: 100100000, guid: 0cf945f08ec64eb468c9913b0fafec2c, type: 2}
  m_RootGameObject: {fileID: 1752796249}
  m_IsPrefabParent: 0
  m_IsExploded: 1
